@misc{gdf,
title={Generador de se\~nales},
author={Adnrés Cuenca},
journal={Foros de Electrónica},
month={Mar.},
year={2018},
howpublished = {\url{https://www.forosdeelectronica.com/resources/generador-de-funciones.2/}}
}
@misc{iss,
title={Tema 1. Introducción a las señales y los sistemas},
author={Javier Acevedo},
journal={Universidad de Alcala},
month={Sept.},
year={2010},
howpublished = {\url{http://agamenon.tsc.uah.es/Asignaturas/ittst/sl/apuntes/Tema1Sesion1_Apuntes.pdf}}
}
@misc{sinus, 
title={Sinusoide},
author={Cybermaid},
howpublished = {\url{https://es.wikipedia.org/wiki/Sinusoide}},
journal={Wikipedia},
publisher={Wikimedia Foundation},
year={2018}, 
month={Jun}
}
@misc{anonimo2018,
    author       = {Anonimo},
    title        = {Electronic voting},
    howpublished = {\url{https://en.wikipedia.org/wiki/Electronic_voting}},
    month        = {May.},
    journal={Wikipedia},
publisher={Wikimedia Foundation},
    year         = {2018}
}